 
@techreport{spectrum-crunch,
     title = {{Spectrum Crunch}},
     author = {Abdollahi, Seyedreza and Al-Raweshidy, Hamed  and Calvo, Luis Manuel Dahlman, Erik  and David, Klaus and Codreanu, Marian and Demestichas, Panagiotis and Dillinger, Markus and Egido, Miguel and Gruber, Markus and Kaiser, Stefan and Latva-aho, Matti and Merz, Peter and Mestre, Xavier and Panaousis, Emmanouil and Pfletschinger, Stephan and Pirmoradian, Mahdi and Politis, Christos and Raaf, Bernhard and Schaich, Frank and Schmelz, Christoph and Tafazolli, Rahim and T\"{o}lli, Antti and Vucic, Nikola and Winkelmann, Rudolf},
     group = {Net!Works European Technology Platform },
     year = {2012},
     institution = {Net!Works European Technology Platform},
     month = {06},
     Date-Added = {2012-06-07},
}

@techreport{5g,
     title = {{Future Networks and Management }},
     author = {
Abramowicz, Henrik and Schmidt, Ernst-Dieter and Schmelz, Lars Christoph and Pampu, Cornel and Kappler, Cornelia and Schramm, Mirko and Pentikousis, Konstantinous and Zhou, Dongming and Glisic, Savo and Palacios, Juan and Mangues, Josep and Demestichas, Panagiotis and Toenjes, Ralf and Ramrekha, Tipu Arvind and Millar, Grant and Politis, Christos and Figuerola, Sergi and Simeonidou, Dimitra and Galis, Alex and Tafazolli,Rahim },
     group = {Net!Works European Technology Platform },
     year = {2011},
     institution = {Net!Works European Technology Platform},
     month = {06},
     Date-Added = {2011-06-09},
}

@inproceedings{serval-mesh,
 author = {Gardner-Stephen, Paul and Palaniswamy, Swapna},
 title = {Serval Mesh software-WiFi Multi Model Management},
 booktitle = {Proceedings of the 1st International Conference on Wireless Technologies for Humanitarian Relief},
 series = {ACWR '11},
 year = {2011},
 isbn = {978-1-4503-1011-6},
 location = {Amritapuri, Kollam, Kerala, India},
 pages = {71--77},
 numpages = {7},
 url = {http://doi.acm.org/10.1145/2185216.2185245},
 doi = {10.1145/2185216.2185245},
 acmid = {2185245},
 publisher = {ACM},
 address = {New York, NY, USA},
 keywords = {802.11, MANET, SSID, WiFi, access point, ad-hoc, client mode, implementation, mesh potato, monitor mode, serval mesh},
}

@article{mesh-network-telephony,
  added-at = {2013-04-29T00:00:00.000+0200},
  author = {Adeyeye, Michael and Gardner-Stephen, Paul},
  biburl = {http://www.bibsonomy.org/bibtex/24b63c75f56156768929db9cfffffea7e/dblp},
  ee = {http://dx.doi.org/10.1186/1687-1499-2011-78},
  interhash = {4b4ded3d840446ff55726f22f729a204},
  intrahash = {4b63c75f56156768929db9cfffffea7e},
  journal = {EURASIP J. Wireless Comm. and Networking},
  keywords = {dblp},
  pages = 78,
  timestamp = {2013-04-29T00:00:00.000+0200},
  title = {The Village Telco project: a reliable and practical wireless mesh telephony infrastructure.},
  url = {http://dblp.uni-trier.de/db/journals/ejwcn/ejwcn2011.html#AdeyeyeG11},
  volume = 2011,
  year = 2011
}

@inproceedings{nfc2007,
 author = {Ondrus, Jan and Pigneur, Yves},
 title = {An Assessment of NFC for Future Mobile Payment Systems},
 booktitle = {Proceedings of the International Conference on the Management of Mobile Business},
 series = {ICMB '07},
 year = {2007},
 isbn = {0-7695-2803-1},
 pages = {43--},
 url = {http://dx.doi.org/10.1109/ICMB.2007.9},
 doi = {10.1109/ICMB.2007.9},
 acmid = {1271212},
 publisher = {IEEE Computer Society},
 address = {Washington, DC, USA},
}

@article{nfc-diffusion-asia,
 author = {Tan, Garry Wei-Han and Ooi, Keng-Boon and Chong, Siong-Choy and Hew, Teck-Soon},
 title = {NFC Mobile Credit Card: The Next Frontier of Mobile Payment?},
 journal = {Telemat. Inf.},
 issue_date = {May, 2014},
 volume = {31},
 number = {2},
 month = may,
 year = {2014},
 issn = {0736-5853},
 pages = {292--307},
 numpages = {16},
 url = {http://dx.doi.org/10.1016/j.tele.2013.06.002},
 doi = {10.1016/j.tele.2013.06.002},
 acmid = {2563911},
 publisher = {Pergamon Press, Inc.},
 address = {Tarrytown, NY, USA},
 keywords = {Malaysia, Mobile credit card, Near Field Communication, Technology Acceptance Model},
}

@inproceedings{nfc-diffusion-europe,
  author    = {Tatjana Apanasevic},
  title     = {Factors Influencing the Slow Rate of Penetration of {NFC} Mobile Payment
               in Western Europe},
  booktitle = {12th International Conference on Mobile Business, {ICMB} 2013, Berlin,
               Germany, 10-13 June 2013},
  pages     = {8},
  year      = {2013},
  url       = {http://aisel.aisnet.org/icmb2013/8},
  timestamp = {Tue, 08 Apr 2014 17:32:09 +0200},
  biburl    = {http://dblp.uni-trier.de/rec/bib/conf/icmb/Apanasevic13},
  bibsource = {dblp computer science bibliography, http://dblp.org}
}

@INPROCEEDINGS{nfc-diffusion-reasons, 
author={Pham, T.-T.T. and Ho, J.C.}, 
booktitle={Management of Engineering Technology (PICMET), 2014 Portland International Conference on}, 
title={What are the core drivers in consumer adoption of NFC-based mobile payments?: A proposed research framework}, 
year={2014}, 
month={July}, 
pages={3041-3049}, 
keywords={financial data processing;mobile computing;near-field communication;smart phones;NFC based mobile payments;Taiwanese consumers;bank decision makers;business strategies;card issuers;consumer acceptance;consumer adoption;core drivers;digital wallets;innovative companies;marketing campaigns;mobile network operators;mobile payments;mobile payments ecosystem;mobile technologies;near field communication;offer value added services;payment processing institutions;payment solutions;personal innovativeness;personal related factors;product related factors;smartphones;trust based factors;Business;Credit cards;Mobile communication;Mobile computing;Smart phones;Technological innovation}
}

@article{china-censorship,
year={2008},
issn={0048-5829},
journal={Public Choice},
volume={134},
number={1-2},
doi={10.1007/s11127-007-9199-0},
title={Flatter world and thicker walls? Blogs, censorship andÂ civic discourse in China},
url={http://dx.doi.org/10.1007/s11127-007-9199-0},
publisher={Springer US},
keywords={China; Internet; Democracy; Blogs},
author={MacKinnon, Rebecca},
pages={31-46},
language={English}
}

@article{arab-spring,
author = {Philip N. Howard and Aiden Duffy and Deen Freelon and Muzammil Hussain and Will Mari and Marwa Mazaid},
title = {Opening Closed Regimes: What Was the Role of Social Media During the Arab Spring?},
journal = {},
year = {2011},
volume = {},
number = {},
pages = {},
note = {},
keywords = {arab spring},
isbn = {},
url = {http://pitpi.org/index.php/2011/09/11/opening-closed-regimes-what-was-the-role-of-social-media-during-the-arab-spring/},
annote = {Imported from http://ictlogy.net/bibliography/reports/projects.php?idp=2170}
}
